@article{armitage1954age,
  title={The age distribution of cancer and a multistage theory of carcinogenesis},
  author={Armitage, P. and Doll, R.},
  journal={British Journal of Cancer},
  year={1954}
}

@article{knudson1971mutation,
  title={Mutation and Cancer: Statistical Study of Retinoblastoma},
  author={Knudson, Alfred G. Jr.},
  journal={Proceedings of the National Academy of Sciences of the United States of America},
  year={1971}
}

@article{knudson1981mutation,
  title={Mutation and Cancer: A Model for Human Carcinogenesis},
  author={Knudson, S. H. M. A. G.},
  journal={JNCI: Journal of the National Cancer Institute},
  year={1981}
}

@article{moolgavkar1979twoevent,
  title={Two-event models for carcinogenesis: incidence curves for childhood and adult tumors},
  author={Moolgavkar, S. H. and Venzon, D. J.},
  journal={Mathematical Biosciences},
  year={1979}
}

@article{luebeck1990twoevent,
  title={Two-Event Model for Carcinogenesis: Biological, Mathematical, and Statistical Considerations},
  author={Luebeck, S. H. M. G.},
  journal={Risk Analysis},
  year={1990}
}

@article{barnabas2006epidemiology,
  title={Epidemiology of HPV 16 and Cervical Cancer in Finland and the Potential Impact of Vaccination: Mathematical Modelling Analyses},
  author={Barnabas, Ruanne V. and Laukkanen, P. and Koskela, P. and Kontula, O. and Lehtinen, M. and Garnett, G. P.},
  journal={PLOS Medicine},
  year={2006}
}

@article{altrock2015mathematics,
  title={The mathematics of cancer: integrating quantitative models},
  author={Altrock, Philipp M. and Liu, Lin L. and Michor, Franziska},
  journal={Nature Reviews Cancer},
  volume={15},
  number={12},
  pages={730--745},
  year={2015}
}

@book{howe1984epidemiology,
  title={Epidemiology of radiogenic breast cancer},
  author={Howe, G. R.},
  publisher={Raven Press},
  year={1984}
}

@article{ribba2006multiscale,
  title={A multiscale mathematical model of cancer, and its use in analyzing irradiation therapies},
  author={Ribba, Benjamin and Terranova, C. and Simeoni, S.},
  journal={Theoretical Biology and Medical Modelling},
  year={2006},
  note={Preprint available at bioRxiv https://doi.org/10.1101/2022.09.07.507053}
}

@article{little1995mutations,
  title={Are two mutations sufficient to cause cancer? Some generalizations of the two-mutation model of carcinogenesis of Moolgavkar, Venzon, and Knudson, and of the multistage model of Armitage and Doll},
  author={Little, M.},
  journal={Biometrics},
  year={1995}
}

@book{vogelstein2002genetic,
  title={The genetic basis of human cancer},
  author={Vogelstein, B. and Kinzler, K. W.},
  publisher={McGraw-Hill Professional},
  year={2002}
}

@article{cazier2014wholegenome,
  title={Whole-genome sequencing of bladder cancers reveals somatic CDKN1A mutations and clinicopathological associations with mutation burden},
  author={Cazier, J. B. and Rao, S. R. and McLean, C. M. and others},
  journal={Nature Communications},
  volume={5},
  number={1},
  pages={3756},
  year={2014}
}

@misc{sciencedirect2014malignant,
  title={Malignant Transformation},
  howpublished={\url{https://www.sciencedirect.com/topics/biochemistry-genetics-and-molecular-biology/malignant-transformation}},
  year={2014}
}
@article{bishop1987molecular,
  title={The Molecular Genetics of Cancer},
  author={Bishop, J. M.},
  journal={Science},
  volume={235},
  number={4786},
  year={1987}
}

@article{paterson2020mathematical,
  title={Mathematical model of colorectal cancer initiation},
  author={Paterson, Chay and Ilyas, M. and Bodmer, W. F.},
  journal={Proceedings of the National Academy of Sciences},
  volume={117},
  number={34},
  pages={20681--20688},
  year={2020}
}

@article{tomasetti2015variation,
  title={Variation in cancer risk among tissues can be explained by the number of stem cell divisions},
  author={Tomasetti, Cristian and Vogelstein, Bert},
  journal={Science},
  volume={347},
  number={6217},
  pages={78--81},
  year={2015}
}

@misc{globocan,
  title={Globocan cancer database},
  howpublished={\url{http://gco.iarc.fr/}},
  year={Accessed 2023}
}

@manual{rproject2022,
  title={R: A language and environment for statistical computing},
  author={{R Core Team}},
  organization={R Foundation for Statistical Computing},
  address={Vienna, Austria},
  year={2022},
  url={https://www.R-project.org/}
}

@misc{MathematicalCancer,
  author = {Ishmam Shah},
  title = {MathematicalCancer},
  howpublished = {\url{https://github.com/IshmamShah/MathematicalCancer}},
  year = {2023},
  note = {[Online; accessed 2023-12-24]}
}